Date,Business,Revenue,Unemployment rate
2013-01-31,Business X,56248413.8065,2.0
2013-01-31,Business Y,76097689.2565,2.0
2013-01-31,Business Z,40692566.4767,2.0
2013-02-28,Business X,35220882.1903,2.042
2013-02-28,Business Y,52742968.1038,2.042
2013-02-28,Business Z,69877648.8605,2.042
2013-03-31,Business X,48351175.4856,2.084
2013-03-31,Business Y,63463802.4934,2.084
2013-03-31,Business Z,57743709.6492,2.084
2013-04-30,Business X,56016199.5776,2.1261
2013-04-30,Business Y,69608514.0212,2.1261
2013-04-30,Business Z,29537421.2277,2.1261
2013-05-31,Business X,50465182.2597,2.1681
2013-05-31,Business Y,81617854.3898,2.1681
2013-05-31,Business Z,50299494.6676,2.1681
2013-06-30,Business X,68420781.3357,2.2101
2013-06-30,Business Y,78509136.2358,2.2101
2013-06-30,Business Z,92074171.7662,2.2101
2013-07-31,Business X,70444321.2086,2.2521
2013-07-31,Business Y,64464853.1973,2.2521
2013-07-31,Business Z,39337553.0563,2.2521
2013-08-31,Business X,59865389.1114,2.2941
2013-08-31,Business Y,65926861.7708,2.2941
2013-08-31,Business Z,23988121.0893,2.2941
2013-09-30,Business X,57502946.2642,2.3361
2013-09-30,Business Y,76042683.5553,2.3361
2013-09-30,Business Z,59606249.3437,2.3361
2013-10-31,Business X,54298863.4862,2.3782
2013-10-31,Business Y,89493890.4333,2.3782
2013-10-31,Business Z,61535086.4467,2.3782
2013-11-30,Business X,50995125.394,2.4202
2013-11-30,Business Y,78628120.2287,2.4202
2013-11-30,Business Z,44403198.5688,2.4202
2013-12-31,Business X,58632751.4443,2.4622
2013-12-31,Business Y,78869882.9356,2.4622
2013-12-31,Business Z,40358976.1581,2.4622
2014-01-31,Business X,64002441.8095,2.5042
2014-01-31,Business Y,82942646.5501,2.5042
2014-01-31,Business Z,69935911.2976,2.5042
2014-02-28,Business X,54631907.3832,2.5462
2014-02-28,Business Y,88602971.7432,2.5462
2014-02-28,Business Z,62817144.0073,2.5462
2014-03-31,Business X,62469181.7305,2.5882
2014-03-31,Business Y,102351220.1999,2.5882
2014-03-31,Business Z,51846099.848,2.5882
2014-04-30,Business X,61443607.0016,2.6303
2014-04-30,Business Y,87419231.8101,2.6303
2014-04-30,Business Z,57373639.6208,2.6303
2014-05-31,Business X,68061352.3212,2.6723
2014-05-31,Business Y,115832224.374,2.6723
2014-05-31,Business Z,59112633.9815,2.6723
2014-06-30,Business X,76185784.2171,2.7143
2014-06-30,Business Y,81082457.7059,2.7143
2014-06-30,Business Z,59856900.351,2.7143
2014-07-31,Business X,75106996.5206,2.7563
2014-07-31,Business Y,76625347.0101,2.7563
2014-07-31,Business Z,61584970.4882,2.7563
2014-08-31,Business X,63315405.8691,2.7983
2014-08-31,Business Y,97966610.9633,2.7983
2014-08-31,Business Z,46063457.7902,2.7983
2014-09-30,Business X,77848579.4563,2.8403
2014-09-30,Business Y,113689589.8747,2.8403
2014-09-30,Business Z,44295648.1092,2.8403
2014-10-31,Business X,64713857.02,2.8824
2014-10-31,Business Y,95035006.6261,2.8824
2014-10-31,Business Z,69878610.1523,2.8824
2014-11-30,Business X,52315536.7359,2.9244
2014-11-30,Business Y,94084322.215,2.9244
2014-11-30,Business Z,66971193.5903,2.9244
2014-12-31,Business X,75414585.265,2.9664
2014-12-31,Business Y,101087713.0597,2.9664
2014-12-31,Business Z,69543524.1187,2.9664
2015-01-31,Business X,79811165.4221,3.0084
2015-01-31,Business Y,104167248.3082,3.0084
2015-01-31,Business Z,57936971.0041,3.0084
2015-02-28,Business X,69785385.9691,3.0504
2015-02-28,Business Y,108256193.3969,3.0504
2015-02-28,Business Z,77460352.216,3.0504
2015-03-31,Business X,68670066.8802,3.0924
2015-03-31,Business Y,118219267.9277,3.0924
2015-03-31,Business Z,44252437.865,3.0924
2015-04-30,Business X,84036262.7564,3.1345
2015-04-30,Business Y,94013924.0981,3.1345
2015-04-30,Business Z,61572411.1096,3.1345
2015-05-31,Business X,94483357.5393,3.1765
2015-05-31,Business Y,116121850.7707,3.1765
2015-05-31,Business Z,62730049.8509,3.1765
2015-06-30,Business X,88367590.0356,3.2185
2015-06-30,Business Y,100799257.5226,3.2185
2015-06-30,Business Z,87776931.1634,3.2185
2015-07-31,Business X,69853131.0848,3.2605
2015-07-31,Business Y,105848982.0969,3.2605
2015-07-31,Business Z,83192599.4447,3.2605
2015-08-31,Business X,74346619.3434,3.3025
2015-08-31,Business Y,134876631.6174,3.3025
2015-08-31,Business Z,55219849.1018,3.3025
2015-09-30,Business X,79309781.7624,3.3445
2015-09-30,Business Y,84624160.5016,3.3445
2015-09-30,Business Z,54150618.4829,3.3445
2015-10-31,Business X,90936062.1357,3.3866
2015-10-31,Business Y,118651761.1462,3.3866
2015-10-31,Business Z,84602163.0036,3.3866
2015-11-30,Business X,66657170.6271,3.4286
2015-11-30,Business Y,61110215.4863,3.4286
2015-11-30,Business Z,65976120.6713,3.4286
2015-12-31,Business X,70423001.7955,3.4706
2015-12-31,Business Y,97041399.7944,3.4706
2015-12-31,Business Z,63301567.6528,3.4706
2016-01-31,Business X,72697620.1264,3.5126
2016-01-31,Business Y,102991306.9495,3.5126
2016-01-31,Business Z,69529633.4275,3.5126
2016-02-29,Business X,77610046.6903,3.5546
2016-02-29,Business Y,83105684.9565,3.5546
2016-02-29,Business Z,57782808.1412,3.5546
2016-03-31,Business X,75665076.1621,3.5966
2016-03-31,Business Y,107496419.3864,3.5966
2016-03-31,Business Z,74663336.4871,3.5966
2016-04-30,Business X,95217832.96,3.6387
2016-04-30,Business Y,91899881.5913,3.6387
2016-04-30,Business Z,71124931.6541,3.6387
2016-05-31,Business X,93111592.9704,3.6807
2016-05-31,Business Y,112787381.8033,3.6807
2016-05-31,Business Z,71082271.7276,3.6807
2016-06-30,Business X,80439263.8894,3.7227
2016-06-30,Business Y,115109035.2052,3.7227
2016-06-30,Business Z,115078295.2825,3.7227
2016-07-31,Business X,96877748.85,3.7647
2016-07-31,Business Y,116781509.9052,3.7647
2016-07-31,Business Z,75919530.6114,3.7647
2016-08-31,Business X,91047815.1145,3.8067
2016-08-31,Business Y,106450195.0816,3.8067
2016-08-31,Business Z,51028644.7806,3.8067
2016-09-30,Business X,67225641.8292,3.8487
2016-09-30,Business Y,94662601.2343,3.8487
2016-09-30,Business Z,74791577.2163,3.8487
2016-10-31,Business X,81843885.8606,3.8908
2016-10-31,Business Y,117404065.0083,3.8908
2016-10-31,Business Z,87639903.2849,3.8908
2016-11-30,Business X,87798575.8357,3.9328
2016-11-30,Business Y,126024411.3653,3.9328
2016-11-30,Business Z,62962724.878,3.9328
2016-12-31,Business X,84572365.0718,3.9748
2016-12-31,Business Y,107659238.5,3.9748
2016-12-31,Business Z,94836705.4137,3.9748
2017-01-31,Business X,103714054.384,4.0168
2017-01-31,Business Y,127998218.7064,4.0168
2017-01-31,Business Z,84256228.0969,4.0168
2017-02-28,Business X,89142847.4119,4.0588
2017-02-28,Business Y,120823380.4177,4.0588
2017-02-28,Business Z,73149212.7393,4.0588
2017-03-31,Business X,91068256.2046,4.1008
2017-03-31,Business Y,112387487.3387,4.1008
2017-03-31,Business Z,69735154.8377,4.1008
2017-04-30,Business X,120252144.776,4.1429
2017-04-30,Business Y,116920806.5039,4.1429
2017-04-30,Business Z,89302985.9132,4.1429
2017-05-31,Business X,101619768.919,4.1849
2017-05-31,Business Y,123886343.9646,4.1849
2017-05-31,Business Z,75052967.1142,4.1849
2017-06-30,Business X,114101979.8639,4.2269
2017-06-30,Business Y,129260682.1631,4.2269
2017-06-30,Business Z,62676907.5125,4.2269
2017-07-31,Business X,89976536.5979,4.2689
2017-07-31,Business Y,136880888.4614,4.2689
2017-07-31,Business Z,84078297.4416,4.2689
2017-08-31,Business X,93069200.9175,4.3109
2017-08-31,Business Y,128882594.0549,4.3109
2017-08-31,Business Z,82398311.4152,4.3109
2017-09-30,Business X,100774325.1369,4.3529
2017-09-30,Business Y,125176570.4378,4.3529
2017-09-30,Business Z,86697283.1371,4.3529
2017-10-31,Business X,84527829.5544,4.395
2017-10-31,Business Y,120801860.644,4.395
2017-10-31,Business Z,90312631.6013,4.395
2017-11-30,Business X,112045645.0787,4.437
2017-11-30,Business Y,153727380.8702,4.437
2017-11-30,Business Z,86862161.8526,4.437
2017-12-31,Business X,90056462.9442,4.479
2017-12-31,Business Y,135491898.4629,4.479
2017-12-31,Business Z,66169395.6066,4.479
2018-01-31,Business X,119332512.7468,4.521
2018-01-31,Business Y,136858572.4833,4.521
2018-01-31,Business Z,83106241.8169,4.521
2018-02-28,Business X,92854460.6993,4.563
2018-02-28,Business Y,151566812.2756,4.563
2018-02-28,Business Z,78062376.3549,4.563
2018-03-31,Business X,121624876.4044,4.605
2018-03-31,Business Y,151083610.1847,4.605
2018-03-31,Business Z,80671390.225,4.605
2018-04-30,Business X,101906634.8936,4.6471
2018-04-30,Business Y,133767986.2474,4.6471
2018-04-30,Business Z,82601451.6108,4.6471
2018-05-31,Business X,105725674.8078,4.6891
2018-05-31,Business Y,145598179.8821,4.6891
2018-05-31,Business Z,77958059.4652,4.6891
2018-06-30,Business X,102449434.009,4.7311
2018-06-30,Business Y,130312817.7073,4.7311
2018-06-30,Business Z,77591685.6211,4.7311
2018-07-31,Business X,109657275.615,4.7731
2018-07-31,Business Y,107312122.361,4.7731
2018-07-31,Business Z,81504854.9009,4.7731
2018-08-31,Business X,117542590.8625,4.8151
2018-08-31,Business Y,146279076.5,4.8151
2018-08-31,Business Z,90815461.1579,4.8151
2018-09-30,Business X,119062190.249,4.8571
2018-09-30,Business Y,133773562.4312,4.8571
2018-09-30,Business Z,88084261.8336,4.8571
2018-10-31,Business X,110183073.1705,4.8992
2018-10-31,Business Y,149961050.3986,4.8992
2018-10-31,Business Z,113276180.8768,4.8992
2018-11-30,Business X,107286773.6243,4.9412
2018-11-30,Business Y,123273422.6335,4.9412
2018-11-30,Business Z,83802956.9186,4.9412
2018-12-31,Business X,109753897.1446,4.9832
2018-12-31,Business Y,109090036.8508,4.9832
2018-12-31,Business Z,98557191.2484,4.9832
2019-01-31,Business X,118014378.5534,5.0252
2019-01-31,Business Y,155338380.1686,5.0252
2019-01-31,Business Z,92895431.4876,5.0252
2019-02-28,Business X,115702022.1926,5.0672
2019-02-28,Business Y,156203267.3912,5.0672
2019-02-28,Business Z,102596217.7159,5.0672
2019-03-31,Business X,110307573.4114,5.1092
2019-03-31,Business Y,128292231.9359,5.1092
2019-03-31,Business Z,82185735.4388,5.1092
2019-04-30,Business X,117794237.4623,5.1513
2019-04-30,Business Y,146721388.2822,5.1513
2019-04-30,Business Z,83276643.7664,5.1513
2019-05-31,Business X,107000891.8243,5.1933
2019-05-31,Business Y,141012368.9562,5.1933
2019-05-31,Business Z,93621860.1403,5.1933
2019-06-30,Business X,112904757.6392,5.2353
2019-06-30,Business Y,164525088.7439,5.2353
2019-06-30,Business Z,89878695.8172,5.2353
2019-07-31,Business X,115134131.706,5.2773
2019-07-31,Business Y,155972091.6627,5.2773
2019-07-31,Business Z,94542356.2548,5.2773
2019-08-31,Business X,127657879.0116,5.3193
2019-08-31,Business Y,128625681.0394,5.3193
2019-08-31,Business Z,83993942.5046,5.3193
2019-09-30,Business X,131932064.37,5.3613
2019-09-30,Business Y,161171431.9,5.3613
2019-09-30,Business Z,108803301.1215,5.3613
2019-10-31,Business X,122940179.5408,5.4034
2019-10-31,Business Y,175929146.783,5.4034
2019-10-31,Business Z,100003785.2391,5.4034
2019-11-30,Business X,117325700.9404,5.4454
2019-11-30,Business Y,129569363.3466,5.4454
2019-11-30,Business Z,109592516.3523,5.4454
2019-12-31,Business X,127160701.9854,5.4874
2019-12-31,Business Y,167306146.5616,5.4874
2019-12-31,Business Z,97903512.4522,5.4874
2020-01-31,Business X,128770204.2883,5.5294
2020-01-31,Business Y,157799435.5514,5.5294
2020-01-31,Business Z,120275605.4767,5.5294
2020-02-29,Business X,116687174.783,5.5714
2020-02-29,Business Y,152030260.4738,5.5714
2020-02-29,Business Z,98357981.1597,5.5714
2020-03-31,Business X,131382251.3656,5.6134
2020-03-31,Business Y,149373900.3093,5.6134
2020-03-31,Business Z,98585279.8549,5.6134
2020-04-30,Business X,129423113.4444,5.6555
2020-04-30,Business Y,165747253.6268,5.6555
2020-04-30,Business Z,101448388.363,5.6555
2020-05-31,Business X,142240091.2542,5.6975
2020-05-31,Business Y,141850072.589,5.6975
2020-05-31,Business Z,95908703.5982,5.6975
2020-06-30,Business X,123010992.9167,5.7395
2020-06-30,Business Y,169352594.8311,5.7395
2020-06-30,Business Z,104601498.8074,5.7395
2020-07-31,Business X,120958113.0852,5.7815
2020-07-31,Business Y,176551815.9111,5.7815
2020-07-31,Business Z,93363733.1973,5.7815
2020-08-31,Business X,121369513.7113,5.8235
2020-08-31,Business Y,145659884.4942,5.8235
2020-08-31,Business Z,96447369.6885,5.8235
2020-09-30,Business X,129711752.4598,5.8655
2020-09-30,Business Y,179971155.5536,5.8655
2020-09-30,Business Z,96858455.2948,5.8655
2020-10-31,Business X,132556215.1156,5.9076
2020-10-31,Business Y,172863355.1651,5.9076
2020-10-31,Business Z,112678013.8381,5.9076
2020-11-30,Business X,130325476.0294,5.9496
2020-11-30,Business Y,158284177.2735,5.9496
2020-11-30,Business Z,126528563.6909,5.9496
2020-12-31,Business X,126246749.3991,5.9916
2020-12-31,Business Y,141718353.9288,5.9916
2020-12-31,Business Z,95826101.0177,5.9916
2021-01-31,Business X,137122453.6784,6.0336
2021-01-31,Business Y,195138578.0628,6.0336
2021-01-31,Business Z,139947430.1056,6.0336
2021-02-28,Business X,124504518.9621,6.0756
2021-02-28,Business Y,171890102.4545,6.0756
2021-02-28,Business Z,110679379.9948,6.0756
2021-03-31,Business X,120748070.9819,6.1176
2021-03-31,Business Y,151026651.2802,6.1176
2021-03-31,Business Z,116405864.7123,6.1176
2021-04-30,Business X,146563227.9071,6.1597
2021-04-30,Business Y,187995766.2398,6.1597
2021-04-30,Business Z,121065620.7683,6.1597
2021-05-31,Business X,150237735.9526,6.2017
2021-05-31,Business Y,173826131.8921,6.2017
2021-05-31,Business Z,121309947.6181,6.2017
2021-06-30,Business X,138640821.7209,6.2437
2021-06-30,Business Y,192009529.2826,6.2437
2021-06-30,Business Z,107902581.4087,6.2437
2021-07-31,Business X,133958065.6209,6.2857
2021-07-31,Business Y,191311678.9145,6.2857
2021-07-31,Business Z,107363128.063,6.2857
2021-08-31,Business X,145757412.796,6.3277
2021-08-31,Business Y,182440826.0962,6.3277
2021-08-31,Business Z,109593682.7282,6.3277
2021-09-30,Business X,124465107.6607,6.3697
2021-09-30,Business Y,170735575.1447,6.3697
2021-09-30,Business Z,121534161.5632,6.3697
2021-10-31,Business X,146032995.373,6.4118
2021-10-31,Business Y,197298668.8827,6.4118
2021-10-31,Business Z,135804748.5827,6.4118
2021-11-30,Business X,142940324.4552,6.4538
2021-11-30,Business Y,200357479.5161,6.4538
2021-11-30,Business Z,124775431.9562,6.4538
2021-12-31,Business X,147793802.7873,6.4958
2021-12-31,Business Y,171574867.0458,6.4958
2021-12-31,Business Z,101228607.8634,6.4958
2022-01-31,Business X,149281383.7992,6.5378
2022-01-31,Business Y,205234754.1439,6.5378
2022-01-31,Business Z,90201372.4178,6.5378
2022-02-28,Business X,159017773.303,6.5798
2022-02-28,Business Y,176460337.331,6.5798
2022-02-28,Business Z,119595486.3453,6.5798
2022-03-31,Business X,154370444.6497,6.6218
2022-03-31,Business Y,182725460.1701,6.6218
2022-03-31,Business Z,114698153.7828,6.6218
2022-04-30,Business X,145771979.7656,6.6639
2022-04-30,Business Y,191577798.1507,6.6639
2022-04-30,Business Z,103915623.7822,6.6639
2022-05-31,Business X,151635589.8058,6.7059
2022-05-31,Business Y,168910226.9964,6.7059
2022-05-31,Business Z,123071278.0077,6.7059
2022-06-30,Business X,142191787.0897,6.7479
2022-06-30,Business Y,183185247.9817,6.7479
2022-06-30,Business Z,107335795.0054,6.7479
2022-07-31,Business X,162303838.0967,6.7899
2022-07-31,Business Y,207515715.5746,6.7899
2022-07-31,Business Z,112353177.6245,6.7899
2022-08-31,Business X,141448558.1251,6.8319
2022-08-31,Business Y,206612556.8081,6.8319
2022-08-31,Business Z,99184492.0441,6.8319
2022-09-30,Business X,161501944.3393,6.8739
2022-09-30,Business Y,185598168.8229,6.8739
2022-09-30,Business Z,114426112.3928,6.8739
2022-10-31,Business X,157464105.7847,6.916
2022-10-31,Business Y,170176493.6753,6.916
2022-10-31,Business Z,133224686.3557,6.916
2022-11-30,Business X,164707710.5147,6.958
2022-11-30,Business Y,186695181.4693,6.958
2022-11-30,Business Z,116773286.0934,6.958
2022-12-31,Business X,150260088.8811,7.0
2022-12-31,Business Y,183932896.8205,7.0
2022-12-31,Business Z,108471971.7111,7.0
